@article{loca-first-software,
	author = {Kleppmann, Martin and Wiggins, Adam and van Hardenberg, Peter and McGranaghan, Mark},
	title = {Local-first software: you own your data, in spite of the cloud},
	year = {2019},
	isbn = {9781450369954},
	publisher = {Association for Computing Machinery},
	address = {New York, NY, USA},
	url = {https://doi.org/10.1145/3359591.3359737},
}
@article{logical-physical-clocks,
  title={Logical Physical Clocks and Consistent Snapshots in Globally Distributed Databases},
  author={Murat Demirbas and Marcelo Leone and Bharadwaj Avva and Deepak Madeppa and Sandeep S. Kulkarni},
  year={2014},
  url={https://cse.buffalo.edu/tech-reports/2014-04.pdf}
}
@book{understanding-distributed-systems,
	author = {Roberto Vitillo},
	title = {Understanding Distributed Systems: What every developer should know about large distributed applications},
	year = {2022},
	publisher = {Roberto Vitillo},
	isbn = {978-1838430214},
}
@book{patterns-of-distributed-systems,
	author = {Unmesh Joshi},
	title = {Patterns of Distributed Systems},
	year = {2023},
	publisher = {Addison-Wesley Professional},
	isbn = {978-0138221980}
}
@book{designing-data-intensive-applications,
	author = {Martin Kleppmann},
	title = {Designing Data-Intensive Applications},
	year = {2017},
	publisher = {O'Reilly Media},
	isbn = {978-1449373320}
}
@book{design-patterns,
	author    = {Erich Gamma and Richard Helm and Ralph Johnson and John Vlissides},
	title     = {Design Patterns: Elements of Reusable Object-Oriented Software},
	year      = {1994},
	publisher = {Addison-Wesley},
	isbn      = {978-0201633610}
}
@book{system-design-interview,
	author = {Alex Xu},
	title = {System Design Interview: An Insider's Guide},
	year = {2019},
	publisher = {CreateSpace Independent Publishing Platform},
	isbn = {978-1793467403}
}
