@article{loca-first-software,
	author = {Kleppmann, Martin and Wiggins, Adam and van Hardenberg, Peter and McGranaghan, Mark},
	title = {Local-first software: you own your data, in spite of the cloud},
	year = {2019},
	isbn = {9781450369954},
	publisher = {Association for Computing Machinery},
	address = {New York, NY, USA},
	url = {https://doi.org/10.1145/3359591.3359737},
}
@book{understanding-distributed-systems,
	author = {Roberto Vitillo},
	title = {Understanding Distributed Systems: What every developer should know about large distributed applications},
	year = {2022},
	publisher = {Roberto Vitillo},
	isbn = {978-1838430214},
}
@book{designing-data-intensive-applications,
	author = {Martin Kleppmann},
	title = {Designing Data-Intensive Applications},
	year = {2017},
	publisher = {O'Reilly Media},
	isbn = {978-1449373320}
}
@book{design-patterns,
	author    = {Erich Gamma and Richard Helm and Ralph Johnson and John Vlissides},
	title     = {Design Patterns: Elements of Reusable Object-Oriented Software},
	year      = {1994},
	publisher = {Addison-Wesley},
	isbn      = {978-0201633610}
}
@book{clean-architecture,
  author    = {Robert C. Martin},
  title     = {Clean Architecture: A Craftsman's Guide to Software Structure and Design},
  year      = {2017},
  publisher = {Prentice Hall},
  isbn      = {978-0134494166}
}